@string{IEEE-COM = "IEEE Trans. Communications"}
@string{IEEE-SP = "IEEE Trans. Signal Processing"}
@string{IEEE-ASSP = "IEEE Trans. Acoustics, Speech, Signal
        Processing"}
@string{SpeechCom = "Speech Communication"}
@string{SigProc = "Signal Processing"}
@string{IEEE-Globecom = "Proc. IEEE Globecom Conf."}
@string{IEEE-ICC = "Proc. IEEE Int. Conf. Communications"}
@string{IEEE-ICASSP = "Proc. IEEE Int. Conf. on Acoustics, Speech,
        Signal Processing"}

@preamble{"\def\hyph{-} "}

@conference{Johnston:80,
author = "J. D. Johnston",
title = "A Filter Family Designed for Use in Quadrature Mirror Filter Banks",
booktitle = IEEE-ICASSP,
address = "Denver, CO",
pages = "291-294",
month = apr,
year =  1980
}

@book{Crochiere:B83,
author = "Ronald E. Crochiere and Lawrence R. Rabiner",
title = "Multirate Digital Signal Processing",
publisher = "Prentice-Hall",
isbn = "0-13-605162-6",
year = 1983
}

@book{Jayant:B84,
author = "Nuggehally S. Jayant and Peter Noll",
title = "Digital Coding of Waveforms",
publisher = "Prentice-Hall",
isbn = "0-13-211913-7",
year = 1984
}

@book{Oppenheim:B89,
author = "Alan V. Oppenheim and Ronald W. Schafer",
title = "Discrete-Time Signal Processing",
publisher = "Prentice-Hall",
isbn = "0-13-216292-X",
year = 1989
}

@book{Proakis:B96,
author = "John G. Proakis and Dimitris G. Manolakis",
title = "Digital Signal Processing",
edition = "Third",
publisher = "Prentice-Hall",
isbn = "0-13-373762-4",
year = 1996
}
